@article{paya2010multi,
	title={A multi-shared register file structure for VLIW processors},
	author={Pay{\'a}-Vay{\'a}, Guillermo and Mart{\'\i}n-Langerwerf, Javier and Pirsch, Peter},
	journal={Journal of Signal Processing Systems},
	volume={58},
	number={2},
	pages={215--231},
	year={2010},
	publisher={Springer}

@online{statistica,
author = {VuMA (Arbeitsgemeinschaft Verbrauchs- und Medienanalyse)},
title = {Anzahl der Personen in Deutschland, die ein Hörgerät tragen, von 2013 bis 2016 (in Millionen)},
date = {01.09.2017- 10:38Uhr},
url = {https://de.statista.com/statistik/daten/studie/252153/umfrage/anzahl-der-hoergeraetetraeger-in-deutschland/},
}

@article{farooq2012fpga,
title={FPGA architectures: An overview},
author={Farooq, Umer and Marrakchi, Zied and Mehrez, Habib},
journal={Tree-based Heterogeneous FPGA Architectures},
pages={7--48},
year={2012},
publisher={Springer New York}
}

}